@inproceedings{Liu:2017:ERI:3097983.3098049,
 author = {Liu, Junming and Fu, Yanjie and Ming, Jingci and Ren, Yong and Sun, Leilei and Xiong, Hui},
 title = {Effective and Real-time In-App Activity Analysis in Encrypted Internet Traffic Streams},
 booktitle = {Proceedings of the 23rd ACM SIGKDD International Conference on Knowledge Discovery and Data Mining},
 series = {KDD '17},
 year = {2017},
 isbn = {978-1-4503-4887-4},
 location = {Halifax, NS, Canada},
 pages = {335--344},
 numpages = {10},
 url = {http://doi.acm.org/10.1145/3097983.3098049},
 doi = {10.1145/3097983.3098049},
 acmid = {3098049},
 publisher = {ACM},
 address = {New York, NY, USA},
 keywords = {in-app analytics, internet traffic analysis, service usage classification, time series segmentation},
} 

@ARTICLE{7377112, 
author={Y. Fu and H. Xiong and X. Lu and J. Yang and C. Chen}, 
journal={IEEE Transactions on Mobile Computing}, 
title={Service Usage Classification with Encrypted Internet Traffic in Mobile Messaging Apps}, 
year={2016}, 
volume={15}, 
number={11}, 
pages={2851-2864}, 
keywords={Internet;behavioural sciences computing;cryptography;hidden Markov models;intelligent networks;mobile computing;pattern classification;pattern clustering;telecommunication traffic;CUMMA;clustering HMM-based method;clustering Hidden Markov Model based method;encrypted Internet traffic;in-Application usages;intelligent network management;mixed identify service usages;mobile messaging application;network traffic characteristics;packet inspection;packet length;service usage classification;service usage predictor;time delay;user behavioral patterns;Cryptography;Delay effects;Feature extraction;Hidden Markov models;Internet;Mobile communication;Mobile computing;In-app analytics;encrypted internet traffic;mobile messaging app;service usage classification}, 
doi={10.1109/TMC.2016.2516020}, 
ISSN={1536-1233}, 
month={Nov},}

@INPROCEEDINGS{5693957, 
author={T. Bao and H. Cao and E. Chen and J. Tian and H. Xiong}, 
booktitle={2010 IEEE International Conference on Data Mining}, 
title={An Unsupervised Approach to Modeling Personalized Contexts of Mobile Users}, 
year={2010}, 
volume={}, 
number={}, 
pages={38-47}, 
keywords={data mining;mobile computing;personal information systems;unsupervised learning;context record;mobile environment;mobile user;personalized context mining;personalized context modeling;probabilistic distribution;raw context data sequence;unsupervised learning technique;mobile context modeling;unsupervised approach}, 
doi={10.1109/ICDM.2010.16}, 
ISSN={1550-4786}, 
month={Dec},}


@INPROCEEDINGS{1550864, 
author={S. Zander and T. Nguyen and G. Armitage}, 
booktitle={The IEEE Conference on Local Computer Networks 30th Anniversary (LCN'05)l}, 
title={Automated traffic classification and application identification using machine learning}, 
year={2005}, 
volume={}, 
number={}, 
pages={250-257}, 
keywords={IP networks;Internet;computer network management;decoding;protocols;statistical analysis;telecommunication traffic;unsupervised learning;IP network engineering;Internet;application identification;application layer protocol decoding;automated traffic classification;dynamic classification;network management;network traffic flows;packet header fields;statistical flow characteristics;unsupervised machine learning technique;Computer network management;Cryptography;Decoding;Engineering management;IP networks;Internet;Machine learning;Protocols;Surveillance;Telecommunication traffic}, 
doi={10.1109/LCN.2005.35}, 
ISSN={0742-1303}, 
month={Nov},}

@INPROCEEDINGS{4669733, 
author={B. Raahemi and W. Zhong and J. Liu}, 
booktitle={2008 20th IEEE International Conference on Tools with Artificial Intelligence}, 
title={Peer-to-Peer Traffic Identification by Mining IP Layer Data Streams Using Concept-Adapting Very Fast Decision Tree}, 
year={2008}, 
volume={1}, 
number={}, 
pages={525-532}, 
keywords={IP networks;Internet;data mining;decision trees;internetworking;peer-to-peer computing;telecommunication network routing;telecommunication traffic;IP layer data stream mining;Internet data flows;Internet traffic;concept-adapting very fast decision tree;deep packet inspection;gateway router;peer-to-peer traffic identification;Data mining;Decision trees;Inspection;Internet;Large-scale systems;Peer to peer computing;Privacy;Testing;Traffic control;Training data;CVFDT;Concept Drift;IP Traffic Identification;Peer-to-Peer Traffic;Stream Data Mining}, 
doi={10.1109/ICTAI.2008.12}, 
ISSN={1082-3409}, 
month={Nov},}

@inproceedings{Haffner:2005:AAC:1080173.1080183,
 author = {Haffner, Patrick and Sen, Subhabrata and Spatscheck, Oliver and Wang, Dongmei},
 title = {ACAS: Automated Construction of Application Signatures},
 booktitle = {Proceedings of the 2005 ACM SIGCOMM Workshop on Mining Network Data},
 series = {MineNet '05},
 year = {2005},
 isbn = {1-59593-026-4},
 location = {Philadelphia, Pennsylvania, USA},
 pages = {197--202},
 numpages = {6},
 url = {http://doi.acm.org/10.1145/1080173.1080183},
 doi = {10.1145/1080173.1080183},
 acmid = {1080183},
 publisher = {ACM},
 address = {New York, NY, USA},
 keywords = {application signatures, application-level filter, machine learning},
} 

@article{GENUER201728,
title = "Random Forests for Big Data",
journal = "Big Data Research",
volume = "9",
pages = "28 - 46",
year = "2017",
issn = "2214-5796",
doi = "https://doi.org/10.1016/j.bdr.2017.07.003",
url = "http://www.sciencedirect.com/science/article/pii/S2214579616301939",
author = "Robin Genuer and Jean-Michel Poggi and Christine Tuleau-Malot and Nathalie Villa-Vialaneix",
keywords = "Random forest, Big Data, Parallel computing, Bag of little bootstraps, On-line learning, R"
}


@INPROCEEDINGS{7828640, 
author={N. P. H. Pratama and S. M. S. Nugroho and E. M. Yuniarno}, 
booktitle={2016 International Seminar on Intelligent Technology and Its Applications (ISITIA)}, 
title={Fuzzy controller based AI for dynamic difficulty adjustment for defense of the Ancient 2 (DotA2)}, 
year={2016}, 
volume={}, 
number={}, 
pages={95-100}, 
keywords={artificial intelligence;computer games;feature extraction;fuzzy control;DDA;Defense of the Ancient 2 game;DotA2 game;bot match mode;dynamic difficulty adjustment;fuzzy controller based AI;multiplayer players;player in-game records;static AI;Artificial Intelligence;DDA;DotA2;Fuzzy Logic Controller}, 
doi={10.1109/ISITIA.2016.7828640}, 
ISSN={}, 
month={July},}


@ARTICLE{8295075, 
author={F. Li and Y. Du}, 
journal={IEEE Power and Energy Magazine}, 
title={From AlphaGo to Power System AI: What Engineers Can Learn from Solving the Most Complex Board Game}, 
year={2018}, 
volume={16}, 
number={2}, 
pages={76-84}, 
keywords={artificial intelligence;brain;computer games;evolutionary computation;learning (artificial intelligence);neural nets;AI test applications;AlphaGo;artificial intelligence;board games;boom periods;bust;complex board game;deep learning;development milestones;engineering problems;engineers;evolutionary algorithms;hardest problems;human brain functions;human brains;neural networks;power system AI;science;Artificial intelligence;Complexity theory;Neural networks;Power system economics;Power system planning;Supervised learning}, 
doi={10.1109/MPE.2017.2779554}, 
ISSN={1540-7977}, 
month={March},}

@INPROCEEDINGS{6934280, 
author={E. N. de Souza and S. Matwin and S. Fernandes}, 
booktitle={2014 Global Information Infrastructure and Networking Symposium (GIIS)}, 
title={Traffic classification with on-line ensemble method}, 
year={2014}, 
volume={}, 
number={}, 
pages={1-4}, 
keywords={Internet;learning (artificial intelligence);pattern classification;telecommunication computing;telecommunication traffic;EL;Internet traffic;OzaBoost Dynamic;OzaDyn;data streams;ensemble learners;on-line ensemble method;traffic classification;Accuracy;Algorithm design and analysis;Computer science;Decision trees;Educational institutions;Heuristic algorithms;Memory management}, 
doi={10.1109/GIIS.2014.6934280}, 
ISSN={2150-3281}, 
month={Sept},}


@INPROCEEDINGS{6080982, 
author={M. Suznjevic and I. Stupar and M. Matijasevic}, 
booktitle={2011 10th Annual Workshop on Network and Systems Support for Games}, 
title={MMORPG player behavior model based on player action categories}, 
year={2011}, 
volume={}, 
number={}, 
pages={1-6}, 
keywords={computer games;probability;MMORPG player behavior model;World of Warcraft;massively multiplayer online role-playing game;player action category;Availability;Data models;Games;Load modeling;Markov processes;Servers;Weibull distribution}, 
doi={10.1109/NetGames.2011.6080982}, 
ISSN={2156-8138}, 
month={Oct},}